

@book{cocke:70,
 author = {John Cocke and Jacob T. Schwartz},
 title = {Programming languages and their compilers: preliminary notes},
 year = {1970},
 isbn = {B0007F4UOA},
 publisher = {Courant Institute of Mathematical Sciences, New York University},
 address = {New York, NY, USA},
}


@Book{cohen:95,
  author = 	 {Cohen, Paul R.},
  title = 	 {Empirical Methods for Artifical Intelligence},
  publisher = 	 {MIT Press},
  year = 	 {1995},
  address =	 {Cambridge, MA, USA},
}

@Book{noreen:89,
  author = 	 {Eric W. Noreen},
  title = 	 {Computer Intensive Methods for Testing Hypotheses: An Introduction},
  publisher = 	 {John Wiley \& Sons},
  year = 	 {1989},
  address = 	 {New York, NY, USA},
}

@Book{gazdar:85,
  author = 	 {Gazdar, Gerald and Ewan H. Klein and Geoffrey K. Pullum and Ivan Sag},
  title = 	 {Generalized Phrase Structure Grammar},
  publisher = 	 {Harvard University Press},
  year = 	 {1985},
  address = 	 {Cambridge, MA, USA},
}

@Book{quirk:85,
  author = 	 {Randolph Quirk and Sidney Greenbaum and Geoffrey Leech and Jan Svartvik},
  title = 	 {A Comprehensive Grammar of the English Language},
  publisher = 	 {Longman},
  year = 	 {1985},
  address = 	 {London, UK},
}


@inCollection{liberman:92,
  author = 	 {Liberman, Mark and Sproat, Richard},
  title = 	 {The Stress and Structure of Modified Noun Phrases in English},
  publisher = 	 {CSLI Publications},
  year = 	 {1992},
  address = 	 {Stanford, CA, USA},
  booktitle =	 {Lexical Matters -- CSLI Lecture Notes No. 24},
  editors =	 {Ivan A. Sag and Anna Szabolcsi},
  chapter =	 {6},
  pages =	 {131--182},
}

@inCollection{ajdukiewicz:35,
  author =       {Ajdukiewicz, Kazimierz},
  title =        {Die syntaktische {Konnexit\" at}},
  publisher =    {Oxford University Press},
  year =         {1935},
  address = 	 {Oxford, UK},
  booktitle =	 {Polish Logic 1920--1939},
  editors =	 {S. McCall},
  pages =	 {207--231},
  note =	 {Translated from Studia Philosophica, 1, 1--27},
}

 



@InProceedings{bergsma:07,
  author    = {Bergsma, Shane  and  Wang, Qin Iris},
  title     = {Learning Noun Phrase Query Segmentation},
  booktitle = {Proceedings of the 2007 Joint Conference on Empirical Methods in Natural Language Processing and Computational Natural Language Learning (EMNLP-CoNLL)},
  pages     = {819--826},
  year	    = {2007},
  url       = {http://www.aclweb.org/anthology/D/D07/D07-1086},
  address   = {Prague, Czech Republic},
  month     = {June 28--30},
}

@InProceedings{blunsom:06,
  author    = {Blunsom, Phil  and  Baldwin, Timothy},
  title     = {Multilingual Deep Lexical Acquisition for {HPSGs} via Supertagging},
  booktitle = {Proceedings of the 2006 Conference on Empirical Methods in Natural Language Processing (EMNLP-06)},
  month     = {July 22--23},
  year      = {2006},
  address   = {Sydney, Australia},
  pages     = {164--171},
}

@InProceedings{briscoe:06,
  author    = {Briscoe, Ted  and  Carroll, John},
  title     = {Evaluating the Accuracy of an Unlexicalized Statistical Parser on the {PARC} {D}ep{B}ank},
  booktitle = {Proceedings of the COLING/ACL 2006 Main Conference Poster Sessions},
  month     = {July 17--21},
  year      = {2006},
  address   = {Sydney, Australia},
  pages     = {41--48},
}


@InProceedings{magerman:95,
  author    = {David Magerman},
  title     = {Statistical decision tree models for parsing},
  booktitle = {Proceedings of the 33rd Annual Meeting of the Association for Computational Linguistics (ACL-95)},
  year      = {1995},
  address   = {Cambridge, MA, USA},
  pages     = {276--283},
  month	    = {June 26--30},
}

@InProceedings{macleod:98,
  author    = {Catherine Macleod and Ralph Grishman and Adam Meyers and Leslie Barrett and Ruth Reeves},
  title     = {{NOMLEX}: a lexicon of nominalizations},
  booktitle = {Proceedings of the 8th International Congress of the European Association for Lexicography (EURALEX-98)},
  year      = {1998},
  address   = {Liege, Belgium},
  pages     = {187--193},
}

@InProceedings{matsuzaki:07,
  author    = {Takuya Matsuzaki and Yusuke Miyao and Jun'ichi Tsujii},
  title     = {Efficient {HPSG} parsing with supertagging and {CFG}-filtering},
  booktitle = {Proceedings of the 20th International Joint Conference on Artificial Intelligence (IJCAI-07)},
  year      = {2007},
  address   = {Hyderabad, India},
  pages     = {1671--1676},
  month	    = {January 6--12},
}

@InProceedings{mcinnes:07,
  author    = {McInnes, Bridget  and  Pedersen, Ted  and  Pakhomov, Serguei},
  title     = {Determining the Syntactic Structure of Medical Terms in Clinical Notes},
  booktitle = {Workshop on Biological, Translational, and Clinical Language Processing},
  month     = {June 29},
  year      = {2007},
  address   = {Prague, Czech Republic},
  pages     = {9--16},
  url       = {http://www.aclweb.org/anthology/W/W07/W07-1002}
}


@PhdThesis{abney:87,
  author = 	 {Steven Abney},
  title = 	 {The English noun phrase in its sentential aspects},
  school = 	 {MIT},
  address =	 {Cambridge, MA, USA},
  year = 	 {1987},
}



@PhdThesis{brill:93,
  author = 	 {Eric Brill},
  title = 	 {A Corpus-based Approach to Language Learning},
  school = 	 {University of Pennsylvania},
  address =	 {Philadelphia, PA, USA},
  year = 	 {1993},
}

@PhdThesis{koehn:03,
  author = 	 {Philipp Koehn},
  title = 	 {Noun Phrase Translation},
  school = 	 {University of Southern California},
  year = 	 {2003},
}

@PhdThesis{magerman:94,
  author = 	 {David Magerman},
  title = 	 {Natural Language Parsing as Statistical Pattern Recognition},
  school = 	 {University of Pennsylvania},
  address =  {Philadelphia, PA, USA},
  year = 	 {1994},
}


@InProceedings{klein:03,
  author    = {Dan Klein and Christopher Manning},
  title     = {Accue unlexicalized parsing},
  booktitle = {Proceedings of the 41st Annual Meeting of the Association for Computational Linguistics (ACL-03)},
  year      = {2003},
  pages     = {423--430},
  address   = {Sapporo, Japan},
  month     = {July 7--12},
}

@inproceedings{matsuzaki:05,
 author = {Takuya Matsuzaki and Yusuke Miyao and Jun'ichi Tsujii},
 title = {Probabilistic {CFG} with latent annotations},
 booktitle = {Proceedings of the 43rd Annual Meeting of the Association for Computational Linguistics (ACL-05)},
 year = {2005},
 pages = {75--82},
 address = {Ann Arbor, MI, USA},
 month = {June 25--30},
}

@InProceedings{papineni:02,
  author    = {Kishore Papineni  and  Salim Roukos  and  Todd Ward  and  Wei-Jing Zhu},
  title     = {Bleu: a Method for Automatic Evaluation of Machine Translation},
  booktitle = {Proceedings of 40th Annual Meeting of the Association for Computational Linguistics (ACL-02)},
  month     = {July 6--12},
  year      = {2002},
  address   = {Philadelphia, PA, USA},
  pages     = {311--318},
  url       = {http://www.aclweb.org/anthology/P02-1040},
  doi       = {10.3115/1073083.1073135}
}

@inproceedings{petrov:06,
 author = {Slav Petrov and Leon Barrett and Romain Thibaux and Dan Klein},
 title = {Learning accue, compact, and interpretable tree annotation},
 booktitle = {Proceedings of the 21st International Conference on Computational Linguistics and the 44th Annual Meeting of the Association for Computational Linguistics (COLING-ACL-06)},
 year = {2006},
 pages = {433--440},
 address = {Sydney, Australia},
 month = {July 17--21}, 
}

@InProceedings{ninomiya:06,
  author    = {Ninomiya, Takashi  and  Matsuzaki, Takuya  and  Tsuruoka, Yoshimasa  and  Miyao, Yusuke  and  Tsujii, Jun'ichi},
  title     = {Extremely Lexicalized Models for Accue and Fast {HPSG} Parsing},
  booktitle = {Proceedings of the 2006 Conference on Empirical Methods in Natural Language Processing (EMNLP-06)},
  month     = {July 22--23},
  year      = {2006},
  address   = {Sydney, Australia},
  pages     = {155--163},
}

@InProceedings{charniak:05,
  author    = {Charniak, Eugene  and  Johnson, Mark},
  title     = {Coarse-to-Fine n-Best Parsing and {MaxEnt} Discriminative Reranking},
  booktitle = {Proceedings of the 43rd Annual Meeting of the Association for Computational Linguistics (ACL-05)},
  month     = {June 25--30},
  year      = {2005},
  address   = {Ann Arbor, MI, USA},
  pages     = {173--180},
  url       = {http://www.aclweb.org/anthology/P/P05/P05-1022},
}

@InProceedings{mcclosky:06,
  author    = {McClosky, David  and  Charniak, Eugene  and  Johnson, Mark},
  title     = {Reranking and Self-Training for Parser Adaptation},
  booktitle = {Proceedings of the 21st International Conference on Computational Linguistics and 44th Annual Meeting of the Association for Computational Linguistics (COLING-ACL-06)},
  month     = {July 17--21},
  year      = {2006},
  address   = {Sydney, Australia},
  pages     = {337--344},
  url       = {http://www.aclweb.org/anthology/P/P06/P06-1043},
}





@INPROCEEDINGS{curran:03,
  author = {James R. Curran and Stephen Clark},
  title = {Language Independent {NER} using a Maximum Entropy Tagger},
  booktitle = {Proceedings of the Seventh Conference on Natural Language Learning (CoNLL-03)},
  year = {2003},
  pages = {164--167},
  address = {Edmonton, Canada},
  month = {May 31--June 1},
}

@InProceedings{clark:emnlp03,
  author = 	 {Stephen Clark and James R. Curran},
  title = 	 {Log-Linear Models for Wide-Coverage {C}{C}{G} Parsing},
   booktitle = 	 {Proceedings of the {E}{M}{N}{L}{P} Conference},
  year = 	 {2003},
 address = {Sapporo, Japan},
 pages = {97-104},
}

@InProceedings{clark:04,
  author =       {Clark, Stephen and James R. Curran},
  title =        {Parsing the {W}{S}{J} using {C}{C}{G} and Log-Linear Models},
  booktitle =    {Proceedings of the 42nd Annual Meeting of the Association for Computational Linguistics (ACL-04)},
  year = 	 {2004},  
  address = 	 {Barcelona, Spain},
  pages = 	 {104-111},
  month =	 {July 21--26},
}

@Article{srinivas:99,
  author = 	 {Srinivas Bangalore and Aravind Joshi},
  title = 	 {Supertagging: An Approach to Almost Parsing},
  journal = 	 {Computational Linguistics},
  year = 	 {1999},
  volume = 	 {25},
  number = 	 {2},
  pages = 	 {237--265},
}



@InProceedings{brill:95,
  author    = {Eric Brill},
  title     = {Unsupervised learning of disambiguation rules for part of speech tagging},
  booktitle = {Proceedings of the 3rd Workshop on Very Large Corpora},
  year	    = 1995,
  address   = {Cambridge, MA, USA},
  pages	    = {1--13},
}

@InProceedings{buyko:07,
  author    = {Ekaterina Buyko and Katrin Tomanek and Udo Hahn},
  title     = {Resolution of Coordination Ellipses in Biological Named Entities with Conditional Random Fields},
  booktitle = {Proceedings of the 10th Conference of the Pacific Association for Computational Linguistics (PACLING-07)},
  year	    = 2007,
  address   = {Melbourne, Australia},
  month	    = {September 19--21},
  pages	    = {163--171},
}

@Article{collins:03,
  author = 	 {Michael Collins},
  title = 	 {Head-Driven Statistical Models for Natural Language Parsing},
  journal = 	 {Computational Linguistics},
  year = 	 {2003},
  volume = 	 {29},
  number = 	 {4},
  pages = 	 {589--637},
}

@Article{berger:96,
  author = 	 {Adam Berger and Stephen Della Pietra and Vincent Della Pietra},
  title = 	 {A {Maximum Entropy} Approach to Natural Language Processing},
  journal = 	 {Computational Linguistics},
  year = 	 {1996},
  volume = 	 {22},
  number = 	 {1},
  pages = 	 {39--71},
}

@Article{darroch:72,
  author = 	 {Darroch, J.N. and Ratcliff, D},
  title = 	 {Generalised iteive scaling for log-linear models},
  journal = 	 {Annals of Mathematical Statistics},
  year = 	 {1972},
  volume = 	 {43},
  number = 	 {5},
  pages = 	 {1470--1480},
}

@InProceedings{lewin:07,
  author    = {Lewin, Ian},
  title     = {{BaseNPs} that contain gene names: domain specificity and genericity},
  booktitle = {Workshop on Biological, Translational, and Clinical Language Processing},
  month     = {June 29},
  year      = {2007},
  address   = {Prague, Czech Republic},
  pages     = {163--170},
}




@BOOK{fellbaum:98,
  TITLE = "{WordNet}: An Electronic Lexical Database",
  EDITOR = "Christiane Fellbaum",
  PUBLISHER = "MIT Press",
  ADDRESS = "Cambridge, MA, USA",
  YEAR = 1998
}

@Book{nocedal:99,
  author = 	 {Jorge Nocedal and Stephen J. Wright},
  title = 	 {Numerical Optimization},
  publisher = 	 {Springer},
  year = 	 {1999},
  address = {New York, NY, USA},
  
}



@PhdThesis{hockenmaier:03,
  author = 	 {Julia Hockenmaier},
  title = 	 {Data and Models for Statistical Parsing with
Combinatory Categorial Grammar},
  school = 	 {University of Edinburgh},
  address =  {Edinburgh, UK},
  year = 	 {2003},
  
}

@Article{hockenmaier:07,
  author = 	 {Julia Hockenmaier and Mark Steedman},
  title = 	 {{CCG}bank: a corpus of {CCG} derivations and dependency structures extracted from the {P}enn {T}reebank},
  journal = 	 {Computational Linguistics},
  year = 	 {2007},
  volume = 	 {33},
  number = 	 {3},
  pages = 	 {355--396},
}

@Article{palmer:05,
  author = 	 {Martha Palmer and Daniel Gildea and Paul Kingsbury},
  title = 	 {The proposition bank: An annotated corpus of semantic roles},
  journal = 	 {Computational Linguistics},
  year = 	 {2005},
  volume = 	 {31},
  number = 	 {1},
  pages = 	 {71--106},
}

@Article{clark:07b,
  author = 	 {Stephen Clark and James R. Curran},
  title = 	 {Wide-Coverage Efficient Statistical Parsing with {CCG} and Log-Linear Models},
  journal = 	 {Computational Linguistics},
  year = 	 {2007},
  volume = 	 {33},
  number = 	 {4},
  pages = 	 {493--552},
}

@Article{marcus:93,
  author = 	 {Mitchell Marcus and Beatrice Santorini and Mary Marcinkiewicz},
  title = 	 {Building a Large Annotated Corpus of {E}nglish: The {P}enn {T}reebank},
  journal = 	 {Computational Linguistics},
  year = 	 {1993},
  volume = 	 {19},
  number = 	 {2},
  pages = 	 {313--330},

}

@InProceedings{carreras:02,
  author = 	 {Xavier Carreras and Lluis M\`{a}rquez and Lluis Padr\'{o}},
  title = 	 {Named Entity Recognition using {A}da{B}oost},
  booktitle = 	 {Proceedings of the 2002 CoNLL Workshop},
  year = 	 {2002},
  pages =        {167--170},
  address =      {Taipei, Taiwan},
}

@PhdThesis{borthwick:99,
  author = 	 {Andrew Borthwick},
  title = 	 {A Maximum Entropy Approach to Named Entity Recognition},
  school = 	 {New York University},
  year = 	 {1999},
  
}

@InProceedings{zhou:02,
  author=	 {GuoDong Zhou and Jian Su},
  title=	 {Named Entity Recognition using an {H}{M}{M}-based Chunk Tagger},
  booktitle=	 {Proceedings of the 40th Annual Meeting of the ACL},
  pages = 	 {473--480},
  address = 	 {Philadelphia, PA},
  year=		 {2002}
}

@InProceedings{hawker:07,
  author    = {Toby Hawker},
  title     = {{USYD}: {WSD} and Lexical Substitution using the {Web1T} Corpus},
  booktitle = {Proceedings of the Fourth International Workshop on Semantic Evaluations (SemEval-2007)},
  month     = {June 23--24},
  year      = {2007},
  address   = {Prague, Czech Republic},
  pages     = {446--453},
}



@InProceedings{malouf:02a,
  author = 	 {Robert Malouf},
  title = 	 {Markov models for language-independent named entity recognition},
  booktitle = 	 {Proceedings of the 2002 CoNLL Workshop},
  year = 	 {2002},
  pages = 	 {187--190},
  address = 	 {Taipei, Taiwan},
}

@InProceedings{tsukamoto:02,
  author = 	 {Koji Tsukamoto and Yutaka Mitsuishi and Manabu Sassano},
  title = 	 {Learning with Multiple Stacking for Named Entity Recognition},
  booktitle = 	 {Proceedings of the 2002 CoNLL Workshop},
  year = 	 {2002},
  pages = 	 {191--194},
  address = 	 {Taipei, Taiwan},
}

@InProceedings{collins:02,
  author = 	 {Michael Collins},
  title = 	 {Ranking Algorithms for Named-Entity Extraction:
Boosting and the Voted Perceptron},
  booktitle = 	 {Proceedings of the 40th  Meeting of the ACL},
  year = 	 {2002},
  address = {Philadelphia, PA},
  pages = 	 {489--496},
}

@InProceedings{chen:99,
  author = 	 {John Chen and Srinivas Bangalore and K. Vijay-Shanker},
  title = 	 {New Models for Improving Supertag Disambiguation},
  booktitle = 	 {Proceedings of the 9th Meeting of EACL},
   year = 	 {1999},
  address = 	 {Bergen, Norway},
  pages = {},

}



@techreport{weischedel:05,
  author = 	 {Ralph Weischedel and Ada Brunstein},
  title = 	 {{BBN} Pronoun Coreference and Entity Type Corpus},
  year = 	 {2005},
  publisher = 	 {Linguistic Data Consortium},
  note =	 {LDC Catalog No.: LDC2005T33},
}

@InProceedings{lauer:95b,
  author = 	 {Mark Lauer},
  title = 	 {Corpus Statistics Meet The Compound Noun: Some Empirical Results},
  booktitle = 	 {Proceedings of the 33rd Annual Meeting of the Association for Computational Linguistics (ACL-95)},
   year = 	 {1995},
  address = 	 {Cambridge, MA, USA},
  pages = 	 {47--54},
  month =	 {June 26--30},
}




@Book{marcus:80,
  author = 	 {Mitchell Marcus},
  title = 	 {A Theory of Syntactic Recognition for Natural Language},
  publisher = 	 {MIT Press},
  year = 	 {1980},
  address = {Cambridge, MA, USA},
  
}


@PhdThesis{lauer:95,
  author = 	 {Mark Lauer},
  title = 	 {Designing Statistical Language Learners: Experiments on Noun Compounds},
  school = 	 {Macquarie University},
  address =  {Sydney, Australia},
  year = 	 {1995},
  
}

@PhdThesis{resnik:93,
  author = 	 {Philip Resnik},
  title = 	 {Selection and Information: A Class-Based Approach to Lexical Relationships},
  school = 	 {University of Pennsylvania},
  address =  {Philadelphia, PA, USA},
  year = 	 {1993},
  
}

@PhdThesis{bikel:04,
  author = 	 {Daniel M. Bikel},
  title = 	 {On the Parameter Space of Geneive Lexicalized Statistical Parsing Models},
  school = 	 {University of Pennsylvania},
  address =  {Philadelphia, PA, USA},
  year = 	 {2004},
}

@PhdThesis{collins:99,
  author = 	 {Michael Collins},
  title = 	 {Head-Driven Statistical Models for Natural Language Parsing},
  school = 	 {University of Pennsylvania},
  address =  {Philadelphia, PA, USA},
  year = 	 {1999},
  
}

@Book{manning:99,
  author =       {Christopher Manning and Hinrich Schutze},
  title =        {Foundations of Statistical Natural Language Processing},
  publisher =    {MIT Press},
  year =         {1999},
  address = 	 {Cambridge, MA, USA},
}

@Book{steedman:96,
  author = 	 {Mark Steedman},
  title = 	 {Surface Structure and Interpretation},
  publisher = 	 {MIT Press},
  year = 	 {1996},
  address = 	 {Cambridge, MA, USA}, 
}

@Book{steedman:00,
  author = 	 {Mark Steedman},
  title = 	 {The Syntactic Process},
  publisher = 	 {MIT Press},
  year = 	 {2000},
  address = 	 {Cambridge, MA, USA}, 
}

@Book{wood:93,
  author =       {Mary McGee Wood},
  title =        {Categorial Grammars},
  publisher =    {Routledge},
  year =         {1993},
  address = 	 {London, UK},
}

@Book{jurafsky:00,
  author =       {Daniel Jurafsky and James H. Martin},
  title =        {Speech and Language Processing},
  publisher =    {Prentice-Hall},
  year =         {2000},
  address = 	 {Upper Saddle River, NJ, USA},
}



@inproceedings{blaheta:00,
 author = {Don Blaheta and Eugene Charniak},
 title = {Assigning function tags to parsed text},
 booktitle = {Proceedings of the 1st Annual Meeting of the North American Chapter of the Association for Computational Linguistics},
 year = {2000},
 pages = {234--240},
 address = {Seattle, WA, USA},
 month = {April~29--May~4},
}

@inproceedings{gabbard:06,
 author = {Ryan Gabbard and Mitchell Marcus and Seth Kulick},
 title = {Fully parsing the {Penn Treebank}},
 booktitle = {Proceedings of the 2006 Human Language Technology Conference of the North American Chapter of the Association of Computational Linguistics (HLT-NAACL-06)},
 year = {2006},
 pages = {184--191},
 address = {New York, NY, USA},
 month = {June 5--7},
}

@inproceedings{roark:03,
 author = {Brian Roark and Michiel Bacchiani},
 title = {Supervised and unsupervised {PCFG} adaptation to novel domains},
 booktitle = {Proceedings of the 2003 Human Language Technology Conference of the North American Chapter of the Association for Computational Linguistics (HLT-NAACL-03)},
 year = {2003},
 pages = {126--133},
 address = {Edmonton, Canada},
 month = {May~27--June~1}
}

@InProceedings{kulick:04,
  author = 	 {Seth Kulick and Ann Bies and Mark Liberman and Mark Mandel and Ryan McDonald and Martha Palmer and Andrew Schein and Lyle Ungar},
  title = 	 {Integed Annotation for Biomedical Information Extraction},
  booktitle = 	 {Proceedings of BioLink Workshop at the Human Language Technology Conference of the North American Chapter of the Association for Computational Linguistics (BioLink-04)},
   year = 	 {2004},
  address = 	 {Boston, MA, USA},
  month =	 {May 6},
}

@InProceedings{king:03,
  author = 	 {Tracy Holloway King and Richard Crouch and Stefan Riezler and Mary Dalrymple and Ronald M. Kaplan},
  title = 	 {The {PARC}700 Dependency Bank},
  booktitle = 	 {Proceedings of the 4th International Workshop on Linguistically Interpreted Corpora ({LINC}-03)},
   year = 	 {2003},
  address = 	 {Budapest, Hungary},
  month =	 {April 13--14},
}

@InProceedings{lapata:04,
  author = 	 {Mirella Lapata and Frank Keller},
  title = 	 {The Web as a Baseline: Evaluating the Performance of Unsupervised Web-based Models for a Range of {NLP} Tasks},
  pages =        {121--128},
  year =	 {2004},
  booktitle = 	 {Proceedings of the Human Language Technology Conference of the North American Chapter of the Association for Computational Linguistics (HLT-NAACL-04)},
  address = 	 {Boston, MA, USA},
  month =	 {May 2--7},
}


@InProceedings{marcus:94,
 author = 	 {Mitchell Marcus and Grace Kim and Mary Ann Marcinkiewicz and Robert MacIntyre and Ann Bies and Mark Ferguson and Karen Katz and Britta Schasberger},
 title = 	 {The {Penn Treebank}: annotating predicate argument structure},
 booktitle = 	 {Proceedings of the Workshop on Human Language Technology (HLT-94)},
 year = 	 {1994},
 isbn = 	 {1-55860-357-3},
 pages = 	 {114--119},
 address = 	 {Plainsboro, NJ, USA},
 month =	 {March 8--11},
}

@InProceedings{mcdonald:05,
 author = 	 {Ryan McDonald and Fernando Pereira and Kiril Ribarov and Jan {Haji\v c}},
 title = 	 {Non-Projective Dependency Parsing using Spanning Tree Algorithms},
 booktitle = 	 {Proceedings of Human Language Technologies and Empirical Methods in Natural Language Processing (HLT-EMNLP)},
 year = 	 {2005},
 pages = 	 {523--530},
 address = 	 {Vancouver, Canada},
 month =	 {October 6--8},
}

@InProceedings{miller:98,
 author = 	 {Scott Miller and Michael Crystal and Heidi Fox and Lance Ramshaw and Richard Schwartz and Rebecca Stone and Ralph Weischedel},
 title = 	 {Algorithms that learn to extract information --- {BBN}: Description of the {SIFT} system as used for {MUC}-7},
 booktitle = 	 {Proceedings of the 7th Message Understanding Conference (MUC-7)},
 year = 	 {1998},
 address = 	 {Washington, DC, USA},
 month =	 {April 29},
}



@InProceedings{nakov:05,
  author = 	 {Preslav Nakov and Marti Hearst},
  title = 	 {Search Engine Statistics Beyond the n-gram: Application to Noun Compound Bracketing},
  booktitle = 	 {Proceedings of the 9th Conference on Computational Natural Language Learning (Co{NLL}-05)},
   year = 	 {2005},
   month =	 {June 29--30},
  address = 	 {Ann Arbor, MI, USA},
  pages =	 {17--24}
}

@InProceedings{nakov:05b,
  author = 	 {Preslav Nakov and Marti Hearst},
  title = 	 {A Study of Using Search Engine Page Hits as a Proxy for n-gram Frequencies},
  booktitle = 	 {Proceedings of the Recent Advances in Natural Language Processing Conference (RANLP-05)},
   year = 	 {2005},
   address =	 {Borovets, Bulgaria},
  month = 	 {September 21--23},
}

@InProceedings{nivre:04,
  author = 	 {Nivre, Joakim and Scholz, Mario},
  title = 	 {Deterministic Dependency Parsing of {E}nglish Text},
  booktitle = {Proceedings of the 20th International Conference on Computational Linguistics (COLING-04)},
  year      = {2004},
  address   = {Geneva, Switzerland},
  pages     = {64--70},
  month	    = {August 23--27},
}

@InProceedings{oepen:02,
  author = 	 {Stephan Oepen and Kristina Toutanova and Stuart Shieber and Christopher Manning and Dan Flickinger and Thorsten Brants},
  title = 	 {The {LinGO Redwoods Treebank}: Motivation and Preliminary Applications},
  booktitle = {Proceedings of the 19th International Conference on Computational Linguistics (COLING-02)},
  year      = {2002},
  address   = {Taipei, Taiwan},
  pages     = {1253--1257},
  month	    = {August 24--September 1},
}



@InProceedings{yamada:03,
  author = 	 {Hiroyasu Yamada and Yuji Matsumoto},
  title = 	 {Statistical dependency analysis with {Support Vector Machines}},
  booktitle = 	 {Proceedings of the 8th International Workshop on Parsing Technologies},
   year = 	 {2003},
   address =	 {Nancy, France},
  pages =	 {195--206},
}

@Article{atterer:07,
  author = 	 {Michaela Atterer and Hinrich Sch\"{u}tze},
  title = 	 {Prepositional phrase attachment without oracles},
  journal = 	 {Computational Linguistics},
  year = 	 {2007},
  volume = 	 {33},
  number = 	 {4},
  pages = 	 {469--476},
}

@Article{bar-hillel:53,
  author =       {Yehoshua Bar-Hillel},
  title =        {A quasi-arithmetical notation for syntactic description},
  journal =      {Language},
  year =         {1953},
  volume = 	 {29},
  pages = 	 {47--58},
}

@Article{girju:05,
  author = 	 {Roxana Girju and Dan Moldovan and Marta Tatu and Daniel Antohe},
  title = 	 {On the Semantics of Noun Compounds},
  journal = 	 {Journal of Computer Speech and Language - Special Issue on Multiword Expressions},
  year = 	 {2005},
  volume = 	 {19},
  number = 	 {4},
  pages = 	 {313--330},
  editors =	 {Aline Villavicencio and Francis Bond and Diana McCarthy},
}

@Article{hindle:93,
  author = 	 {Donald Hindle and Mats Rooth},
  title = 	 {Structural Ambiguity and Lexical Relations},
  journal = 	 {Computational Linguistics},
  year = 	 {1993},
  volume = 	 {19},
  number = 	 {1},
  pages = 	 {103--120},
}

@Article{pollard:92,
  author = 	 {Pollard, Carl and Ivan Sag},
  title = 	 {Anaphors in English and the scope of binding theory},
  journal = 	 {Linguistic Inquiry},
  year = 	 {1992},
  volume = 	 {23},
  pages = 	 {261--303},
}

@Article{pustejovsky:93,
  author = 	 {James Pustejovsky and Sabine Berger and Peter Anick},
  title = 	 {Lexical Semantic Techniques for Corpus Analysis},
  journal = 	 {Computational Linguistics},
  year = 	 {1993},
  volume = 	 {19},
  number = 	 {2},
  pages = 	 {331--358},
}

@Article{xue:05,
  author = 	 {Nianwen Xue and Fei Xia and Fu-Dong Chiou and Martha Palmer},
  title = 	 {The {Penn Chinese Treebank}: Phrase Structure Annotation of a Large Corpus},
  journal = 	 {Natural Language Engineering},
  year = 	 2005,
  volume = 	 {11},
  number = 	 {2},
  pages = 	 {207--238},
}

@Article{younger:67,
  author =       {Daniel Younger},
  title =        {Recognition and Parsing of Context-free languages in time $n^3$},
  journal =      {Information and Control},
  year =         {1967},
  volume =       {10},
  number  = {2},
  pages =        {189--208},
}





@InProceedings{ramshaw:95,
  author = 	 {Lance A. Ramshaw and Mitchell Marcus},
  title = 	 {Text Chunking Using Transformation-Based Learning},
  year =	 {1995},
  booktitle = 	 {Proceedings of the Third ACL Workshop on Very Large Corpora},
  address = 	 {Cambridge, MA, USA},
  month =	 {June 30},
  pages =	 {82--94},
}

@TechReport{bies:95,
  author = 	 {Ann Bies and Mark Ferguson and Karen Katz and Robert MacIntyre},
  title = 	 {Bracketing Guidelines for {T}reebank {II} Style {P}enn {T}reebank Project},
  year = 	 {1995},
  OPTmonth = 	 {January},
}


@TechReport{web1t:06,
  author = 	 {Thorsten Brants and Alex Franz},
  title = 	 {Web 1{T} 5-gram Version 1},
  year = 	 {2006},
  publisher =	 {Linguistic Data Consortium},
  note =	 {LDC Catalog No.: LDC2006T13},
}

@TechReport{maamouri:03,
  author = 	 {Mohamed Maamouri and Ann Bies and Hubert Jin and Tim Buckwalter},
  title = 	 {Arabic {T}reebank: Part 1 v2.0},
  year = 	 {2003},
  publisher =	 {Linguistic Data Consortium},
  note = 	 {LDC Catalog No.: LDC2003T06},
}



@TechReport{kasami:65,
  author =       {Kasami, Tadao},
  title =        {An efficient recognition and syntax analysis algorithm for context-free languages},
  year =         {1965},
  number =	 {AFCRL-65-758},
  publisher =	 {Air Force Cambridge Research Lab},
  address = 	 {Bedford, MA, USA},
}


@InProceedings{barker:98b,
  author    = {Ken Barker and Stan Szpakowicz},
  title     = {Semi-Automatic Recognition of Noun Modifier Relationships},
  booktitle = {Proceedings of the 36th Annual Meeting of the Association for Computational Linguistics and 17th International Conference on Computational Linguistics},
  month     = {August},
  year      = {1998},
  address   = {Montreal, Canada},
  pages     = {96--102},
  url       = {http://www.aclweb.org/anthology/P98-1015},
  doi       = {10.3115/980845.980862}
}


@INPROCEEDINGS{barker:98,
   author = {Ken Barker},
   title = {A Trainable Bracketer for Noun Modifiers},
   booktitle = {Proceedings of the Twelfth Canadian Conference on Artificial Intelligence ({LNAI} 1418)},
   address = {Vancouver, Canada},
   year = {1998},
   pages = {196--210},
}


@InProceedings{cahill:02,
  author    = {Aoife Cahill and Mair\' ead McCarthy and Josef van Genabith and Andy Way},
  title     = {Automatic Annotation of the {Penn-Treebank} with {LFG} {F}-Structure Information},
  booktitle = {Proceedings of the Third International Conference on Language Resources and Evaluation Workshop on Linguistic Knowledge Acquisition and Representation - Bootstrapping Annotated Language Data},
  month     = {June 1},
  year      = {2002},
  address   = {Paris, France},
  pages     = {8--15},
}

@InProceedings{cahill:04,
  author    = {Aoife Cahill and Michael Burke and Ruth O'Donovan and Josef van Genabith and Andy Way},
  title     = {Long-Distance Dependency Resolution in Automatically Acquired Wide-Coverage {PCFG}-Based {LFG} Approximations},
  booktitle = {Proceedings of the 42nd Annual Meeting of the Association for Computational Linguistics (ACL-04)},
  month     = {July 21--26},
  year      = {2004},
  address   = {Barcelona, Spain},
  pages     = {320--327},
}

@InProceedings{chiang:00,
  author    = {David Chiang},
  title     = {Statistical Parsing with an Automatically-Extracted {Tree Adjoining Grammar}},
  booktitle = {Proceedings of the 38th Annual Meeting of the Association of Computational Linguistics (ACL-00)},
  year      = {2000},
  address   = {Hong Kong},
  pages     = {456--463},
  month	    = {October 1--8}
}

@InProceedings{clark:02,
  author    = {Stephen Clark and Julia Hockenmaier and Mark Steedman},
  title     = {Building Deep Dependency Structures with a Wide-Coverage {CCG} Parser},
  booktitle = {Proceedings of the 40th Annual Meeting of the Association for Computational Linguistics (ACL-02)},
  year      = {2002},
  address   = {Philadephia, PA, USA},
  pages	    = {327--334},
  month	    = {July 6--12},
}

@InProceedings{clark:02b,
  author    = {Stephen Clark},
  title     = {Supertagging for {Combinatory Categorial Grammar}},
  booktitle = {Proceedings of the 6th International Workshop on Tree Adjoining Grammars and Related Frameworks (TAG+6)},
  year      = {2002},
  address   = {Venice, Italy},
  pages     = {19--24},
  month	    = {May 20--23},
}

@InProceedings{clark:04b,
  author    = {Stephen Clark and James R. Curran},
  title     = {The Importance of Supertagging for Wide-Coverage {CCG} Parsing},
  booktitle = {Proceedings of the 20th International Conference on Computational Linguistics (COLING-04)},
  year      = {2004},
  address   = {Geneva, Switzerland},
  pages     = {282--288},
  month	    = {August 23--27},
}

@InProceedings{eisner:96,
  author    = {Jason Eisner},
  title     = {Efficient normal-form parsing for {Combinatory Categorial Grammar}},
  booktitle = {Proceedings of the 34th Annual Meeting of the Association for Computational Linguistics (ACL-96)},
  year      = {1996},
  pages     = {79--86},
  address   = {Santa Cruz, CA, USA},
  month	    = {June 24--27},
}


@INPROCEEDINGS{fayyad:93,
   author = {Usama M. Fayyad and Keki B. Irani},
   title = {Multi-Interval Discretization of Continuous-Valued Attributes for Classification Learning.},
   booktitle = {Proceedings of the 13th International Joint Conference on Artifical Intelligence (IJCAI--93)},
   address = {Chambery, France},
   year = {1993},
   pages = {1022--1029},
   month = {August~28--September~3},
}

@InProceedings{hockenmaier:02,
  author    = {Julia Hockenmaier and Mark Steedman},
  title     = {Geneive Models for Statistical Parsing with {Combinatory Categorial Grammar}},
  booktitle = {Proceedings of the 40th Annual Meeting of the Association for Computational Linguistics (ACL-02)},
  year      = {2002},
  address   = {Philadephia, PA, USA},
  month     = {July 6--12},
  pages     = {335--342},
}

@InProceedings{hockenmaier:03b,
  author    = {Julia Hockenmaier},
  title     = {Parsing with Geneive Models of Predicate-Argument Structure},
  booktitle = {Proceedings of the 41st Annual Meeting of the Association for Computational Linguistics (ACL-03)},
  year      = {2003},
  address   = {Sapporo, Japan},
  month     = {July 7--12},
  pages     = {359--366},
}

@InProceedings{miyao:02,
  author =       {Yusuke Miyao and Jun'ichi Tsujii},
  title =        {Maximum Entropy Estimation for Feature Forests},
  booktitle =    {Proceedings of the Human Language Technology Conference (HLT-02)},
  pages =        {},
  year =         {2002},
  address = {San Diego, CA, USA},
}

@InProceedings{miyao:04,
  author    = {Miyao, Yusuke and Takashi Ninomiya and Jun'ichi Tsujii},
  title     = {Corpus-oriented grammar development for acquiring a {H}ead-driven {P}hrase {S}tructure {G}rammar from the {P}enn {T}reebank},
  booktitle = {Proceedings of the First International Joint Conference on Natural Language Processing (IJCNLP-04)},
  year      = {2004},
  address   = {Hainan Island, China},
  pages     = {684--693},
  month     = {March 22--24},
}

@InProceedings{miyao:05,
  author    = {Miyao, Yusuke and Jun'ichi Tsujii},
  title     = {Probabilistic disambiguation models for wide-coverage {HPSG} parsing},
  booktitle = {Proceedings of the 43rd Annual Meeting of the Association for Computational Linguistics (ACL-05)},
  year      = {2005},
  month     = {June 25--30},  
  address   = {Ann Arbor, MI, USA},
  pages     = {83--90},
}

@InProceedings{ratnaparkhi:97,
  author    = {Ratnaparkhi, Adwait},
  title     = {A linear observed time statistical parser based on maximum entropy models},
  booktitle = {Proceedings of the Second Conference on Empirical Methods in Natural Language Processing (EMNLP-2)},
  year      = {1997},
  address   = {Providence, RI, USA},
  month     = {August 1--2},
  pages     = {1--10}
}



@InProceedings{vadas:07,
  author    = {Vadas, David  and  Curran, James R.},
  title     = {Adding Noun Phrase Structure to the {P}enn {T}reebank},
  booktitle = {Proceedings of the 45th Annual Meeting of the Association of Computational Linguistics (ACL-07)},
  month     = {June 25--27},
  year      = {2007},
  address   = {Prague, Czech Republic},
  pages     = {240--247},
}

@InProceedings{vadas:08,
  author    = {Vadas, David  and  Curran, James R.},
  title     = {Parsing Noun Phrase Structure with {CCG}},
  booktitle = {Proceedings of the 46th Annual Meeting of the Association of Computational Linguistics: Human Language Technologies (ACL-08: HLT)},
  month     = {June 15--20},
  year      = {2008},
  address   = {Columbus, OH, USA},
}


@InProceedings{xia:99,
  author    = {Fei Xia},
  title     = {Extracting {Tree Adjoining Grammars} from Bracketed Corpora},
  booktitle = {Proceedings of the 5th Natural Language Processing Pacific Rim Symposium (NLPRS-99)},
  month     = {November},
  year      = {1999},
  address   = {Beijing, China},
  pages     = {398--403},
}



@article{eynde:06,
 author = {Frank van Eynde},
 title = {{NP}-internal agreement and the structure of the noun phrase},
 journal = {Journal of Linguistics},
 volume = {42},
 year = {2006},
 pages = {139--186},
 publisher = {Cambridge University Press},
 address = {New York, NY, USA},
 }


@article{chen:06,
 author = {John Chen and Srinivas Bangalore and K. Vijay-Shanker},
 title = {Automated extraction of {Tree-Adjoining Grammars} from treebanks},
 journal = {Natural Language Engineering},
 volume = {12},
 number = {3},
 year = {2006},
 issn = {1351-3249},
 pages = {251--299},
 doi = {http://dx.doi.org/10.1017/S1351324905003943},
 publisher = {Cambridge University Press},
 address = {New York, NY, USA},
 }

@Article{pado:07,
  author = 	 {Sebastian Pado and Mirella Lapata},
  title = 	 {Dependency-based construction of semantic space models},
  journal = 	 {Computational Linguistics},
  year = 	 2007,
  volume =	 33,
  number =	 2,
  pages =    {161--199}
}


@UNPUBLISHED{daume:04,
  author = {Hal {Daum\'e III}},
  title = {Notes on {CG} and {LM-BFGS} Optimization of Logistic Regression},
  note =  {Paper available at \url{http://pub.hal3.name}, implementation available at \url{http://hal3.name/megam/}},
  month = {August},
  year = {2004}
}

@UNPUBLISHED{evalb:97,
  author = {Satoshi Sekine and Michael Collins},
  title = {{EVALB} bracket scoring program},
  year = {1997},
  note = {Available from http://nlp.cs.nyu.edu/evalb/}
}

@inproceedings{daume:04b,
  author    = {Daum\'{e} III, Hal  and  Marcu, Daniel},
  title     = {{NP} Bracketing by Maximum Entropy Tagging and {SVM} Reranking},
  booktitle = {Proceedings of the 2004 Conference on Empirical Methods in Natural Language Processing (EMNLP-04)},
  editor = {Dekang Lin and Dekai Wu},
  year      = 2004,
  month     = {July 25--26},
  address   = {Barcelona, Spain},
  pages     = {254--261}
}

@inproceedings{clark:07,
  author    = {Stephen Clark and James R. Curran},
  title     = {Formalism-Independent Parser Evaluation with {CCG} and {DepBank}},
  booktitle = {Proceedings of the 45th Annual Meeting of the Association for Computational Linguistics (ACL-07)},
  year      = 2007,
  address   = {Prague, Czech Republic},
  pages     = {248--255},
  month	    = {June 25--27},
}

@TechReport{vadas:07d,
  author = 	 {David Vadas},
  title = 	 {Noun Phrase Bracketing Guidelines: Version 0.9},
  year = 	 {2007},
}

@TechReport{warner:04,
  author = 	 {Colin Warner and Ann Bies and Christine Brisson and Justin Mott},
  title = 	 {Addendum to the {P}enn {T}reebank {II} Style Bracketing Guidelines: {B}io{M}edical {T}reebank Annotation},
  year = 	 {2004},
  institution = {Linguistic Data Consortium},
}

@TechReport{hockenmaier:05,
  author = 	 {Julia Hockenmaier and Mark Steedman},
  title = 	 {{CCG}bank Manual},
  year = 	 {2005},
  institution =  {Department of Computer and Information Science, University of Pennsylvania},
  number =	 {MS-CIS-05-09},
}

@TechReport{hindle:83,
  author = 	 {Hindle, Donald},
  title = 	 {User manual for {F}idditch},
  year = 	 {1983},
  institution =  {Naval Research Laboory},
  number =	 {7590-142},
}

@inproceedings{black:91,
  author    = {Black, Ezra and Steven Abney and Dan Flickinger and Claudia Gdaniec and Ralph Grishman and Philip Harrison and Donald Hindle and Robert Ingria and Frederick Jelinek and Judith Klavans and Mark Liberman and Mitch Marcus and Salim Roukos and Beatrice Santorini and Tomek Strzalkowski},
  title     = {A Procedure for quantitatively comparing the syntactic coverage of {E}nglish grammars},
  booktitle = {Proceedings of the February 1991 DARPA Speech and Natural Language Workshop},
  year      = 1991,
}

@InProceedings{girju:07,
  author    = {Girju, Roxana},
  title     = {Improving the Interpretation of Noun Phrases with Cross-linguistic Information},
  booktitle = {Proceedings of the 45th Annual Meeting of the Association of Computational Linguistics (ACL-07)},
  month     = {June 25--27},
  year      = {2007},
  address   = {Prague, Czech Republic},
  pages     = {568--575},
  url       = {http://www.aclweb.org/anthology/P/P07/P07-1072}
}

@InProceedings{goodman:96,
  author =       {Joshua Goodman},
  title =        {Parsing algorithms and metrics},
  booktitle =    {Proceedings of the 34th Annual Meeting of the Association for Computational Linguistics (ACL-96)},
  year      = 	 {1996},
  address   = 	 {Santa Cruz, CA, USA},
  month	    = 	 {June 24--27},
  pages = 	 {177--183},  
}

@inproceedings{goodman:97,
  author    = {Joshua Goodman},
  title     = {Probabilistic feature grammars},
  booktitle = {Proceedings of the 5th International Workshop on Parsing Technologies (IWPT-97)},
  year      = 1997,
  month     = {September},
}

@inproceedings{hindle:89,
  author    = {Hindle, Donald},
  title     = {Acquiring disambiguation rules from text},
  booktitle = {Proceedings of the 27th Annual Meeting of the Association for Computational Linguistics (ACL-89)},
  year      = 1989,
  address   = {Vancouver, Canada},
  month     = {June 26--29},
  pages     = {118--125},
}

@inproceedings{johnson:98b,
    author = "Mark Johnson",
    title = "The Effect of Alternative Tree Representations on Tree Bank Grammars",
    booktitle = "Proceedings of the Joint Conference on New Methods in Language Processing and Computational Natural Language Learning: {NeMLaP3/CoNLL98}",
    publisher = "Association for Computational Linguistics",
    address = "Somerset, New Jersey",
    editor = "David M. W. Powers",
    pages = "39--48",
    year = "1998",
    url = "citeseer.ist.psu.edu/johnson98effect.html" }


@Article{johnson:98,
  author = 	 {Mark Johnson},
  title = 	 {{PCFG} models of linguistic tree representations},
  journal = 	 {Computational Linguistics},
  year = 	 {1998},
  volume = 	 {24},
  number = 	 {4},
  pages = 	 {613--632},
}


@inproceedings{klein:01,
    author = "Dan Klein and Christopher D. Manning",
    title = "Parsing with treebank grammars: empirical bounds, theoretical models, and the structure of the {P}enn {T}reebank",
    booktitle = "Proceedings of the 39th Annual Meeting on Association for Computational Linguistics (ACL-01)",
    address = "Toulouse, France",
    pages = "338--345",
    year = "2001",
    month = {July 9--11},
}


@inproceedings{kubler:05,
  author    = {Sandra K\"{u}bler},
  title     = {How Do Treebank Annotation Schemes Influence Parsing Results? {O}r How Not to Compare Apples And Oranges},
  booktitle = 	 {Proceedings of the Recent Advances in Natural Language Processing Conference (RANLP-05)},
  year = 	 {2005},
  address =	 {Borovets, Bulgaria},
  month = 	 {September 21--23},
}

@InProceedings{rehbein:07,
  author    = {Rehbein, Ines  and  van Genabith, Josef},
  title     = {Treebank Annotation Schemes and Parser Evaluation for {G}erman},
  booktitle = {Proceedings of the 2007 Joint Conference on Empirical Methods in Natural Language Processing and Computational Natural Language Learning (EMNLP-CoNLL)},
  pages     = {630--639},
  year	    = 2007,
  address   = {Prague, Czech Republic},
  month     = {June 28--30},
}

@InProceedings{vadas:07b,
  author    = {David Vadas and James R. Curran},
  title     = {Large-Scale Supervised Models for Noun Phrase Bracketing},
  booktitle = {Proceedings of the 10th Conference of the Pacific Association for Computational Linguistics (PACLING-07)},
  year	    = 2007,
  address   = {Melbourne, Australia},
  month	    = {September 19--21},
  pages	    = {104--112},
}

@InProceedings{vadas:07c,
  author    = {David Vadas and James R. Curran},
  title     = {Parsing Internal Noun Phrase Structure with {C}ollins' Models},
  booktitle = {Proceedings of the Australasian Language Technology Workshop (ALTW-07)},
  year	    = 2007,
  address   = {Melbourne, Australia},
  month	    = {December 10--11},
  pages	    = {109--116},
}

@inproceedings{sudo:03,
  author = "Kiyoshi Sudo and Satoshi Sekine and Ralph Grishman",
  title = "An improved extraction pattern representation model for automatic {IE} pattern acquisition",
  booktitle = "Proceedings of the 41st Annual Meeting of the Association of Computational Linguistics (ACL-03)",
  pages = "224--231",
  year = "2003",
  address   = {Sapporo, Japan},
  month     = {July 7--12},
}

@inproceedings{moldovan:03,
  author =	 {Moldovan, Dan and Clark, Christine and Harabagiu, Sanda and
                  Maiorano, Steve},
  title =	 { {COGEX}: A Logic Prover for Question Answering },
  booktitle =	 {Proceedings of the Human Language Technology and North American Chapter of the Association for Computational Linguistics Conference (HLT-NAACL-03)},
  year =	 {2003},
  month =	 {May 27--June 1},
  pages =	 {166--172},
  address = 	 {Edmonton, Canada},
}

@ARTICLE{lee:52,
  author =       "Donald W. Lee",
  title =        "Close Apposition: An Unresolved Pattern",
  journal =      "American Speech",
  volume =       "27",
  number =       "4",
  pages =        "268--275",
  month =	 "December",
  year =         "1952",
}


@inproceedings{collins:96,
  author =	 {Michael Collins},
  title =	 {A new statistical parser based on bigram lexical dependencies},
  booktitle =	 {Proceedings of the 34th Annual Meeting of the Association for Computational Linguistics (ACL-96)},
  year =	 {1996},
  pages =	 {184--191},
  month =	 {June 24--27},
  address =	 {Santa Cruz, CA, USA},
}

@inproceedings{collins:97,
  author =	 {Michael Collins},
  title =	 {Three Geneive, Lexicalised Models for Statistical Parsing},
  booktitle =	 {Proceedings of the 35th Annual Meeting of the Association for Computational Linguistics and 8th Conference of the European Chapter of the Association for Computational Linguistics (ACL-97)},
  year =	 {1997},
  pages =	 {16--23},
  month =	 {July 7--12},
  address =	 {Madrid, Spain},
}

@inproceedings{collins:00,
    author = "Michael Collins",
    title = "Discriminative Reranking for Natural Language Parsing",
    booktitle = "Proceedings of the 17th International Conference on Machine Learning (ICML-00)",
    address = "San Francisco, CA, USA",
    pages = "175--182",
    year = "2000",
    month = "June 29--July 2",
}

@inproceedings{charniak:97,
  author =	 {Charniak, Eugene},
  title =	 {Statistical parsing with a context-free grammar and word statistics},
  booktitle =	 {Proceedings of the Fourteenth National Conference on Artificial Intelligence (AAAI-97)},
  year =	 {1997},
  pages =	 {598--603},
  address =	 {Providence, RI, USA},
  month =	 {July 27--31},
}

@inproceedings{charniak:00,
  author =	 {Charniak, Eugene},
  title =	 {A maximum-entropy-inspired parser},
  booktitle =	 {Proceedings of the 1st Meeting of the North American Chapter of the Association for Computational Linguistics (NAACL-00)},
  year =	 {2000},
  pages =	 {132--139},
  address =	 {Seattle, WA, USA},
  month =	 {April 29--May 4},
}

@inproceedings{bod:92,
  author    = {Rens Bod},
  title     = {A Computational Model of Language Performance: {Data Oriented Parsing}},
  booktitle = {Proceedings of 14th International Conference on Computational Linguistics (COLING-92)},
  year      = 1992,
  pages	    = {855--859},
  address   = {Nantes, France},
  month	    = {August 23--28},
}

@inproceedings{bod:93,
  author    = {Rens Bod},
  title     = {Using an annotated language corpus as a virtual stochastic grammar},
  booktitle = {Proceedings of the 11th National Conference on Artificial Intelligence (AAAI-93)},
  year      = 1993,
  address   = {Washington, DC, USA},
  month	    = {July 11--15},
  pages	    = {778--783},
}

@inproceedings{bod:01,
  author    = {Rens Bod},
  title     = {What is the Minimal Set of Fragments that Achieves Maximal Parse Accuracy?},
  booktitle = {Proceedings of 39th Annual Meeting of the Association for Computational Linguistic and the 10th Conference of the European Chapter (ACL-01)},
  year      = 2001,
  address   = {Toulouse, France},
  month	    = {July 9--11},
  pages     = {66--73},
}



@inproceedings{bos:04,
  author    = {Bos, Johan  and  Clark, Stephen  and  Steedman, Mark  and  Curran, James R.  and  Hockenmaier, Julia},
  title     = {Wide-Coverage Semantic Representations from a {CCG} Parser},
  booktitle = {Proceedings of the 20th International Conference on Computational Linguistics (COLING-04)},
  year      = 2004,
  month     = {August 23--27},
  address   = {Geneva, Switzerland},
  pages     = {1240--1246},
}

@inproceedings{chiang:02,
  author    = {Chiang, David and Daniel M. Bikel},
  title     = {Recovering latent information in treebanks},
  booktitle = {Proceedings of the 19th International Conference on Computational Linguistics (COLING-02)},
  year      = 2002,
  address   = {Taipei, Taiwan},
  month	    = {August 24--September 1},
  pages	    = {1--7},
}

@inproceedings{honnibal:07,
  author    = {Matthew Honnibal and  Curran, James R.},
  title     = {Improving the complement/adjunct distinction in {CCG}bank},
  booktitle = {Proceedings of the 10th Conference of the Pacific Association for Computational Linguistics (PACLING-07)},
  year      = 2007,
  month     = {September~19--21},
  address   = {Melbourne, Australia},
  pages     = {210--217}
}



@inproceedings{buckeridge:02,
  author    = {Alan M. Buckeridge and Richard F. E. Sutcliffe},
  title     = {Using Latent Semantic Indexing as a Measure of Conceptual
               Association for Noun Compound Disambiguation},
  booktitle = {Proceedings of the 13th Irish International Conference on Artificial Intelligence and Cognitive Science (AICS-02)},
  year      = {2002},
  month     = {September 12--13},
  pages     = {12--19},
  address   = {Limerick, Ireland},
}


@inproceedings{strzalkowski:92,
  author    = {Tomek Strzalkowski and Barbara Vauthey},
  title     = {Information Retrieval Using Robust Natural Language Processing},
  booktitle = {Proceedings of the 30th Annual Meeting of the Association for Computational Linguistics (ACL-92)},
  year      = 1992,
  pages     = {104--111},
  month     = {June~28--July~2},
  address   = {Newark, DE, USA},
}

@inproceedings{evans:96,
  author    = {David A. Evans and Chengxiang Zhai},
  title     = {Noun-Phrase Analysis in Unrestricted Text for Information Retrieval},
  booktitle = {Proceedings of the 34th Annual Meeting of the Association for Computational Linguistics (ACL-96)},
  year      = {1996},
  address   = {Santa Cruz, CA, USA},
  month	    = {June 24--27},
  pages     = {17--24},
}

@inproceedings{pohlmann:96,
  author    = {Ren\'ee Pohlmann and Wessel Kraaij},
  booktitle = {{CLIN VII} -- Papers from the seventh Computational Linguistics in the Netherlands meeting},
  title = {Improving the Precision of a Text Retrieval System with Compound Analysis},
  keyword = "Compound Analysis",
  editor = {Jan Landsbergen and Jan Odijk and Kees van Deemter and Gert Veldhuijzen van Zanten},
  pages = {115--128},
  pdf="http://dis.tpd.tno.nl/mmt/pubs/improving-the-precision-of.pdf",
  year = {1996} 
}

@inproceedings{zhai:97,
  author = {Chengxiang Zhai},
  title = {Fast statistical parsing of noun phrases for document indexing},
  booktitle = {Proceedings of the Fifth Conference on Applied Natural Language Processing (ANLP-97)},
  year = {1997},
  pages = {312--319},
  address = {Washington, DC, USA},
  month = {March 31--April 3},
}

@inproceedings{kwak:00,
  author = {Byung-Kwan Kwak and Jee-Hyub Kim and Geunbae Lee and Jungyun Seo},
  title = {Corpus-Based Learning of Compound Noun Indexing},
  booktitle = {Proceedings of Workshop on Recent Advances in Natural Language Processing and Information Retrieval},
  year = {2000},
  pages = {57--66},
  month = {October 8},
  address = {Hong Kong},
}

@BOOK{francis:82,
  TITLE = {Frequency Analysis of English Usage: Lexicon and Grammar},
  PUBLISHER = {Houghton Mifflin},
  address = {Boston, MA, USA},
  YEAR = 1982,
  author = {W. Nelson Francis and Henry {Ku\v cera}},
}

@BOOK{garside:87,
  TITLE = {The Computational analysis of English: A corpus-based approach},
  PUBLISHER = {Longman},
  address = {London, UK},
  YEAR = 1987,
  editor = {Roger Garside and Geoffrey Leech and Geoffrey Sampson},
}

@BOOK{levi:78,
  TITLE = {The Syntax and Semantics of Complex Nominals},
  PUBLISHER = {Academic Press},
  YEAR = 1978,
  author = {Judith Levi},
  address = {New York, NY, USA}
}

@BOOK{pollard:94,
  TITLE = {Head Driven Phrase Structure Grammar},
  PUBLISHER = {CSLI/Chicago University Press},
  YEAR = 1994,
  author = {Pollard, Carl and Ivan Sag},
  address = {Chicago, IL, USA}
}

@BOOK{kaplan:82,
  TITLE = {Lexical-Functional Grammar: A formal system for grammatical representation},
  booktitle = {The Mental Representation of Grammatical Relations},
  PUBLISHER = {MIT Press},
  YEAR = 1982,
  author = {Kaplan, Ronald and Joan Bresnan},
  address = {Cambridge, MA, USA},
  pages = {173--281},
}

@incollection{joshi:92,
  TITLE = {Tree adjoining grammars and lexicalized grammars},
  editors = {M. Nivat and M. Podelski},
  booktitle = {Tree Automata and Languages},
  PUBLISHER = {North-Holland},
  YEAR = 1992,
  author = {Joshi, Aravind and Yves Schabes},
  pages = {409--432},
}



@inproceedings{gildea:01,
 author = {Gildea, Daniel},
 title = {Corpus Variation and Parser Performance},
 booktitle = {Proceedings of the 2001 Conference on Empirical Methods in Natural Language Processing}, 
 editor = {Lillian Lee and Donna Harman},
 pages = {167--202},
 year = 2001,
}

@InProceedings{hogan:07,
  author    = {Hogan, Deirdre},
  title     = {Coordinate Noun Phrase Disambiguation in a Geneive Parsing Model},
  booktitle = {Proceedings of the 45th Annual Meeting of the Association of Computational Linguistics (ACL-07)},
  year      = {2007},
  address   = {Prague, Czech Republic},
  pages     = {680--687},
  month	    = {June 25--27},
  url       = {http://www.aclweb.org/anthology/P/P07/P07-1086}
}

@InProceedings{melamed:04,
  author    = {I. Dan Melamed and Giorgio Satta and Benjamin Wellington},
  title     = {Generalized multitext grammars},
  booktitle = {Proceedings of the 42nd Annual Meeting of the Association for Computational Linguistics (ACL-04)},
  year      = {2004},
  address   = {Barcelona, Spain},
  month     = {July 21--26},
  pages     = {661--668},
}

@InProceedings{wang:07,
  author    = {Wang, Wei  and  Knight, Kevin  and  Marcu, Daniel},
  title     = {Binarizing Syntax Trees to Improve Syntax-Based Machine Translation Accuracy},
  booktitle = {Proceedings of the 2007 Joint Conference on Empirical Methods in Natural Language Processing and Computational Natural Language Learning (EMNLP-CoNLL)},
  pages     = {746--754},
  year      = {2007},
  url       = {http://www.aclweb.org/anthology/D/D07/D07-1078},
  address   = {Prague, Czech Republic},
  month     = {June 28--30},
}

@InProceedings{zhang:06,
  author    = {Zhang, Hao  and  Huang, Liang  and  Gildea, Daniel  and  Knight, Kevin},
  title     = {Synchronous Binarization for Machine Translation},
  booktitle = {Proceedings of the Human Language Technology Conference - North American Chapter of the Association for Computational Linguistics Annual Meeting (HLT-NAACL)},
  month     = {June 5--7},
  year      = {2006},
  address   = {New York City, NY, USA},
  pages     = {256--263},
  url       = {http://www.aclweb.org/anthology/N/N06/N06-1033}
}
